<record><leader>00000cas a22000007a 4500</leader><controlfield tag="001">22533779</controlfield><controlfield tag="008">901018d18701928mnuwr ne      0    0eng d</controlfield><datafield ind1=" " ind2=" " tag="010"><subfield code="a">sn 90060506 </subfield></datafield><datafield ind1=" " ind2=" " tag="040"><subfield code="a">MN#</subfield><subfield code="b">eng</subfield><subfield code="c">MN#</subfield><subfield code="d">OCLCQ</subfield><subfield code="d">OCLCF</subfield><subfield code="d">OCLCO</subfield></datafield><datafield ind1="1" ind2=" " tag="029"><subfield code="a">AU@</subfield><subfield code="b">000025908448</subfield></datafield><datafield ind1=" " ind2=" " tag="042"><subfield code="a">msc</subfield></datafield><datafield ind1=" " ind2=" " tag="043"><subfield code="a">n-us-mn</subfield></datafield><datafield ind1=" " ind2=" " tag="052"><subfield code="a">4144</subfield><subfield code="b">S9</subfield></datafield><datafield ind1=" " ind2=" " tag="052"><subfield code="a">4143</subfield><subfield code="b">W5</subfield></datafield><datafield ind1="0" ind2=" " tag="130"><subfield code="a">Stillwater messenger (Stillwater, Minn. : 1870)</subfield></datafield><datafield ind1="1" ind2="0" tag="245"><subfield code="a">Stillwater messenger.</subfield></datafield><datafield ind1=" " ind2=" " tag="260"><subfield code="a">Stillwater, Minn. :</subfield><subfield code="b">Geo. K. Shaw,</subfield><subfield code="c">1870-1928.</subfield></datafield><datafield ind1=" " ind2=" " tag="300"><subfield code="a">57 v.</subfield></datafield><datafield ind1=" " ind2=" " tag="310"><subfield code="a">Weekly</subfield></datafield><datafield ind1="0" ind2=" " tag="362"><subfield code="a">Vol. 16, no. 15 (Dec. 16, 1870)-v. 72, no. 43 (Feb. 22, 1928).</subfield></datafield><datafield ind1=" " ind2=" " tag="515"><subfield code="a">Issues for Jan. 24, 1873)-Feb. 22, 1928, called also Whole no. 905-whole no. whole no. 3361.</subfield></datafield><datafield ind1=" " ind2=" " tag="530"><subfield code="a">Available on microfilm from the Minnesota Historical Society.</subfield></datafield><datafield ind1=" " ind2="0" tag="651"><subfield code="a">Stillwater (Minn.)</subfield><subfield code="v">Newspapers.</subfield></datafield><datafield ind1=" " ind2="7" tag="655"><subfield code="a">Newspapers.</subfield><subfield code="2">fast</subfield><subfield code="0">(OCoLC)fst01423814</subfield></datafield><datafield ind1=" " ind2="7" tag="651"><subfield code="a">Minnesota</subfield><subfield code="z">Stillwater.</subfield><subfield code="2">fast</subfield><subfield code="0">(OCoLC)fst01224789</subfield></datafield><datafield ind1=" " ind2=" " tag="752"><subfield code="a">United States</subfield><subfield code="b">Minnesota</subfield><subfield code="c">Washington</subfield><subfield code="d">Stillwater.</subfield></datafield><datafield ind1="0" ind2="0" tag="780"><subfield code="t">Stillwater Republican</subfield><subfield code="w">(DLC)sn 90060505</subfield></datafield><datafield ind1="0" ind2="7" tag="785"><subfield code="t">Washington County post (Stillwater, Minn.)</subfield><subfield code="w">(DLC)sn 90060507</subfield></datafield><datafield ind1="0" ind2="7" tag="785"><subfield code="t">Stillwater post-messenger</subfield><subfield code="w">(DLC)sn 90060503</subfield></datafield></record>